@TechReport{LMF,
  author =       {José A. Alonso},
  title =        {Temas de ``{L}ógica matemática y fundamentos (2018--19)''},
  institution =  {Univ. de Sevilla},
  year =         2019,
  note =         {En \href{https://www.cs.us.es/~jalonso/cursos/lmf-18/temas.php}
                          {\url{https://www.cs.us.es/~jalonso/cursos/lmf-18/temas.php}}}       
}


@Book{tutorial,
  author        = {Tobias Nipkow and Lawrence C. Paulson and Markus Wenzel},
  title         = {Isabelle/HOL: A proof assistant for {H}igher--{O}rder {L}ogic},
  publisher     = {Lecture Notes in Computer Science, Vol. 2283, Springer--Verlag}, 
  year          = 2019,
  note          = {En \href{https://www.cl.cam.ac.uk/research/hvg/Isabelle/dist/Isabelle2019/doc/tutorial.pdf}
                           {\url{https://www.cl.cam.ac.uk/research/hvg/Isabelle/dist/Isabelle2019/doc/tutorial.pdf}}}
}

@Book{Isabelle,
  author        = {},
  title         = {Isabelle/HOL — Higher-Order Logic},
  publisher     = {}, 
  year          = 2019,
  note          = {En \href{https://isabelle.in.tum.de/dist/library/HOL/HOL/document.pdf}
                           {\url{https://isabelle.in.tum.de/dist/library/HOL/HOL/document.pdf}}}
}

@Book{Prooftheory,
  author        = {Rathejn, Michael and Sieg, Wilfried},
  title         = {Proof Theory},
  publisher     = {The Stanford Encyclopedia}, 
  year          = 2018,
  note          = {En \href{https://plato.stanford.edu/archives/fall2018/entries/proof-theory/}
                           {\url{https://plato.stanford.edu/archives/fall2018/entries/proof-theory/}}}
}

@Book{100theorems,
  author        = {F.Wiedijk},
  title         = {Formalizing 100 theorems},
  publisher     = {}, 
  year          = .,
  note          = {En \href{http://www.cs.ru.nl/~freek/100/}
                           {\url{http://www.cs.ru.nl/~freek/100/}}}
}

@Book{Provers,
  author        = {F.Wiedijk},
  title         = {The Seventeen Provers of the World},
  publisher     = {volume 3600 of LNAI}, 
  year          = 2006,
  note		= {}
}


@Book{Isabelle/Isar,
  author        = {Makarius Wenzel},
  title         = {The Isabelle/Isar Reference Manual},
  publisher     = {}, 
  year          = 2020,
  note		= {En \href{http://isabelle.in.tum/doc/isar-ref.pdf}
                           {\url{http://isabelle.in.tum/doc/isar-ref.pdf}}}
}
